@Article{McNamaraZanetti,
  author = {McNamara, G. \& Zanetti, G.},
  title = {Use of a Boltzmann equation to simulate lattice-gas automata},
  journal = {Phys. Rev. Lett.},
  year = {1988},
  OPTvolume = {61},
}

@Article{HigueraJimenez,
  author = {Higuera, F. \& Jimenez, J.},
  title = {Boltzmann approach to lattice gas simulations},
  journal = {Europhys. Lett.},
  year = {1989},
  OPTvolume = {9},
  OPTnumber = {},
  OPTpages = {633-668},
}

@Article{PerumalDass:2015Review,
  author = {Permaul, D. A. \& Dass, A. K.},
  title = {A Review on the development of lattice Boltzmann computation of macro fluid flows and heat transfer},
  journal = {Alexandria Engineering Journal},
  year = {2015},
  OPTvolume = {54},
  OPTnumber = {4},
  OPTpages = {955-971},
}

@Article{ChenDoolen,
  author = {Chen, S. \& Doolen, G. D.},
  title = {Lattice Boltzmann Method for Fluid Flows},
  journal = {Annual Review of Fluid Mechanics},
  year = {1998},
  OPTvolume = {30},
  OPTpages = {329-364},
}

@Article{GPUvsCPU,
  author = {Lee, V.W., Changkyu, K., et. al.},
  title = {Debunking the 100x GPU vs. CPU myth: an evaluation of throughput computing on CPU and GPU},
  journal = {ACM SIGARCH Computer Architecture News},
  year = {2010},
  OPTvolume = {38},
  OPTnumber = {3},
  OPTpages = {451-460},
}

@Book{WolfGladrow:2005,
  ALTauthor = {Wolf-Gladrow, D. A.},
  ALTeditor = {},
  title = {Lattice-Gas Cellular Automata and Lattice Boltzmann Models - An Introduction},
  publisher = {Spring},
  year = {2005},
}

@Article{PerumalDass:2008Simulation,
  author = {Perumal, D. A. \& Dass, A. K.},
  title = {Simulation of flow in two-sided lid-driven square cavities by the lattice Boltzmann method},
  journal = {Advances in Fluid Mechanics},
  year = {2008},
  OPTvolume = {7},
  OPTpages = {45-54},
}

@misc{JuliaLang,
  title        = "\href{https://julialang.org}{The Julia Programming Languages}",
  url          = {https://julialang.org},
}

@misc{JuliaGithub,
  url        = {https://github.com/JuliaLang/julia},
  title          = "\href{https://github.com/JuliaLang/julia}{Julia Github}",
}

@Article{Perkel:2019,
  author = {Perkel, Jeffrey M.},
  title = "\href{https://www.nature.com/articles/d41586-019-02310-3}{Julia: come for the syntax, stay for the speed}",
  url = {https://www.nature.com/articles/d41586-019-02310-3},
  journal = {Nature},
  year = {2019},
  OPTdoi = {10.1038/d41586-019-02310-3},
  OPTvolume = {572},
  OPTpages = {141-142},
  OPTmonth = {July},
}

@misc{JuliaBenchmarks,
  url        = {https://julialang.org/benchmarks},
  title          = "\href{https://julialang.org/benchmarks}{Julia Micro-Benchmarks}",
}

@www{CUDAZone,
  author       = {Nvidia},
  url        = {https://developer.nvidia.com/cuda-zone},
  title          = "\href{https://developer.nvidia.com/cuda-zone}{CUDA Zone}",
  organization = {Nvidia},
}

@www{CUDAnative,
  url        = {https://github.com/JuliaGPU/CUDAnative.jl},
  title          = "\href{https://github.com/JuliaGPU/CUDAnative.jl}{CUDAnative.jl Github}",
}

@www{CuArrays,
  url       = {https://github.com/JuliaGPU/CuArrays.jl},
  title          = "\href{https://github.com/JuliaGPU/CuArrays.jl}{CuArrays.jl Github}",
}

@www{GPUArrays,
  url        = {https://github.com/JuliaGPU/GPUArrays.jl},
  title          = "\href{https://github.com/JuliaGPU/GPUArrays.jl}{GPUArrays.jl Github}",
}

@www{CUDA_jl,
  url        = {https://github.com/JuliaGPU/CUDA.jl},
  title          = "\href{https://github.com/JuliaGPU/CUDA.jl}{CUDA.jl Github}",
}

@www{CUDAapi,
  url        = {https://github.com/JuliaGPU/CUDAapi.jl},
  title          = "\href{https://github.com/JuliaGPU/CUDAapi.jl}{CUDAapi.jl Github}",
}

@www{GPUBenchmarks,
  url        = {https://github.com/JuliaGPU/GPUBenchmarks.jl},
  title          = "\href{https://github.com/JuliaGPU/GPUBenchmarks.jl}{GPUBenchmarks.jl Github}",
}

@www{JetsonNano,
  author       = {Nvidia},
  url        = {https://developer.nvidia.com/embedded/jetson-nano-developer-kit},
  title          = "\href{https://developer.nvidia.com/embedded/jetson-nano-developer-kit}{Jetson Nano Developer Kit}",
  organization = {Nvidia},
}
